@Misc{Lecture_Notes_Fall_2015,
author = {Morten Hjort-Jensen},
title = {Computational Physics: Lecture Notes Fall 2015},
}

@Misc{Problem_set_3,
author = {Morten Hjort-Jensen},
title = {Problem set 3 Fall 2015},
}

@book{devore2012modern,
  title={Modern mathematical statistics with applications},
  author={Devore, Jay L and Berk, Kenneth N},
  year={2012},
  publisher={Springer}
}

@article{press1992numerical,
  title={Numerical recipes in C++},
  author={Press, William H and Teukolsky, Saul A and Vetterling, William T and Flannery, Brian P},
  journal={The art of scientific computing},
  volume={2},
  pages={1002},
  year={1992}
}